6f833632ca90d557493eec19a6d76eb2