add5e30f3a7f1da84416f6036a451af5