@Article{Arnott-2015-Bathtub-model-of-traffic-congestion,
  author       = {Richard Arnott},
  title        = {A Bathtub Model of Downtown Traffic Congestion},
  journal      = {Access Magazine},
  volume       = {Spring},
  number       = {46},
  year         = {2015},
  pages        = {26--33},
  url          = {http://www.accessmagazine.org/spring-2015/a-bathtub-model-of-downtown-traffic-congestion/},
}

@Article{Arnott-Small-1994-Economics-of-Travel-Congestion,
  author       = {Richard Arnott and Kenneth Small},
  title        = {The Economics of Traffic Congestion},
  year         = {1994},
  issue        = {September/October},
  pages        = {451--455},
  journal      = {American Scientist},
  volume       = {82},
  url          = {http://faculty.cord.edu/andersod/EconOfTraffic.pdf},
}

@Misc{Austroads-2015-Guide-Traffic-Mgmt,
  author       = {Austroads},
  title        = {Guide to Traffic Management},
  year         = {2015},
}

@Book{Austroads-2016-Congestion-Reliability-Review,
  editor       = {Craig Moran and Bryan Wiley},
  author       = {Craig Moran and Bryan Wiley and David Hensher and Nick Patchett and Ian Clarke and Jamye Harrison and Ric Simes and Roshan Mendis and Eamon McGinn and Konrad Gebels and Michelle Mountford and Kiril Alampieski and Sara Ma and Lucy Gregory and Irina Dima and John Vargas and Julian Grimm and Jason Qu and Shivana Thiru-Moorthy and Roger Dong and Johnny Han and Simon Dixon and Warwick Goodall},
  title        = {Congestion and Reliability Review},
  date         = {2016-12-14},
  publisher    = {Austroads},
  isbn         = {978-1-925451-49-8},
  number       = {AP-R534-16},
  pagetotal    = {250},
}

@Article{Urbanist-2016-Melb-metro-What-do-you-get-for-10bn,
  author       = {Alan Davies},
  date         = {2016-03-08},
  title        = {Melbourne Metro: what do you get for \$10~Billion?},
  journal      = {The Urbanist (Crikey)},
  url          = {https://blogs.crikey.com.au/theurbanist/2016/03/08/melbourne-metro-what-do-you-get-for-10-billion/},
}

@Article{Terrill-2017-theConvo-Melbourne-vs-Sydney,
  author       = {Marion Terrill},
  date         = {2017-07-03},
  title        = {Stuck in traffic: busting Melbourne versus Sydney myths and identifying the worst commutes},
  journal      = {The Conversation},
  url          = {https://theconversation.com/stuck-in-traffic-busting-melbourne-versus-sydney-myths-and-identifying-the-worst-commutes-79343},
}

@Article{ABC-2017-Hobart-peak-30pc-longer,
  author       = {Gregor Salmon},
  date         = {2017-07-09},
  title        = {Hobart's peak-hour commute 30 per cent longer than normal driving time, among Australia's worst},
  journal      = {ABC News Online},
  url          = {http://www.abc.net.au/news/2017-07-09/hobart-peak-hour-commute-takes-30-per-cent-longer/8691680},
}

@Misc{Vicroads-201415-TravelSpeed-tableau,
  author       = {VicRoads},
  date         = {2017-02-17},
  title        = {Traffic monitor (Average Speed, Delay, \&\ Variability)},
  url          = {https://public.tableau.com/profile/vic.roads#!/vizhome/TM-TravelSpeed2014-15/AverageSpeed},
}

@TechReport{Wallis-Lupton-2013-NZ-Transport-Agency,
  author       = {Ian Wallis and David Lupton},
  institution  = {NZ Transport Agency},
  number       = {489},
  year         = {2013},
  month        = {2},
  title        = {The costs of congestion reappraised}, 
  url          = {https://www.nzta.govt.nz/assets/resources/research/reports/489/docs/489.pdf},
}

@Article{Cortright-2017-CityObs-Yet-another-flawed-congestion,
  author       = {Joe Cortright},
  date         = {2017-02-27},
  title        = {Yet another flawed congestion report from Inrix},
  url          = {http://cityobservatory.org/yet-another-flawed-congestion-report-from-inrix/},
  journal      = {City Observatory},
}

@Article{Albanese-2017-Congestion-handbrake-on-growth,
  author       = {Anthony Albanese},
  title        = {Traffic congestion is a handbrake on economic growth},
  date         = {2017-06-22},
  journal      = {The Age},
  url          = {https://www.theage.com.au/comment/traffic-congestion-is-a-handbrake-on-economic-growth-20170622-gwwexy.html},
}

@InProceedings{Chester-VTA-2017-Freight-speech,
  author       = {Darren Chester},
  title        = {Victorian Transport Association state conference},
  booktitle    = {Speech},
  address      = {Mantra, Lorne, Victoria},
  url          = {http://minister.infrastructure.gov.au/chester/speeches/2017/dcs007_2017.aspx},
  date         = {2017-06-05},
}

@Article{Miller-2016-Melb-needs-user-pays-scheme-to-beat-congestion,
  author       = {Jim Miller},
  date         = {2016-11-25},
  title        = {Melbourne needs a user-pays scheme to beat traffic congestion},
  journal      = {Sydney Morning Herald},
  url          = {http://www.smh.com.au/comment/melbourne-needs-a-userpays-scheme-to-beat-traffic-congestion-20161125-gsxkdf.html},
}

@TechReport{BITRE-2015-Traffic-and-congestion-cost-trends-for-Aust-capital-cities,
  author       = {BITRE},
  institution  = {Bureau of Infrastructure, Transport and Regional Economics},
  url          = {https://bitre.gov.au/publications/2015/files/is_074.pdf},
  date         = {2015-11-01},
  title        = {Traffic and congestion cost trends for Australian capital cities},
}

@Article{OSullivan-2017-Sydney-is-congestion-capital-of-Australasia,
  author       = {O'Sullivan, Matthew},
  journal      = {Sydney Morning Herald},
  url          = {http://www.smh.com.au/nsw/sydney-is-congestion-capital-of-australasia-report-shows-20170104-gtlmwq.html},
  date         = {2017-01-05},
  title        = {Sydney is congestion capital of Australasia - and even New York's road network is faster},
}
  
@Book{Glaeser-Cities-agglomeration-and-spatial-equilibrium,
  author       = {Glaeser, Edward},
  year         = {2008},
  title        = {Cities, Agglomeration and Spatial Equilibrium},
  publisher    = {Oxford University Press},
}

@Misc{MelbourneMetro-2016-BizCase,
  author       = {{Melbourne Metro Rail Authority}},
  title        = {Metro Tunnel Business Case},
  date         = {2016-02-01},
  url          = {http://metrotunnel.vic.gov.au/library/business-case},
}

@InProceedings{Goodwin-2012-PeakTravelCar-FutureOfMobility,
  title        = {Peak Travel, Peak Car and the Future of Mobility: Evidence, Unresolved Issues, and Policy Implications, and a Research Agenda},
  author       = {Goodwin, Phil},
  year         = {2012},
  booktitle    = {International Transport Forum Discussion Papers},
  volume       = {2012/13},
  url          = {http://EconPapers.repec.org/RePEc:oec:itfaab:2012/13-en},
}

@Misc{Austroads-2011-SpeedFlow-200910,
  author       = {Austroads},
  title        = {Productivity: Speed and flow performance indicator},
  year         = {2011},
  url          = {http://algin.net/austroads/site/Index.asp?id=207},
}

@Article{Urbecon-2012-Comparing-job-density-SYD-MEL,
  author       = {SGS},
  title        = {Comparing Effective Job Density in Sydney and Melbourne},
  url          = {http://www.sgsep.com.au/assets/Urbecon-Volume-2-2012-web-0.pdf},
  year         = {2012},
  volume       = {2},
  journal      = {Urbecon},
}

@TechReport{BITRE-2014-Freightline,
  author       = {David Mitchell},
  title        = {Freightline I -- Australian freight transport overview},
  date         = {2014-05-01},
  institution  = {Bureau of Infrastructure, Transport and Regional Economics},
  url          = {https://bitre.gov.au/publications/2014/files/Freightline_01.pdf},
}

@TechReport{RMS-2017-bridge-opening-times,
  author       = {RMS},
  year         = {2017},
  title        = {Bridge opening times},
  url          = {http://www.rms.nsw.gov.au/maritime/using-waterways/bridge-opening-times.html},
  institution  = {NSW Roads and Maritime},
}

@TechReport{IPART-2016-PT-fares-Sydney,
  author       = {IPART},
  title        = {Public Transport Fares in Sydney and Surrounds},
  date         = {2016-05-10},
  institution  = {Independent Pricing and Regulatory Tribunal NSW},
  url          = {https://www.ipart.nsw.gov.au/Home/Industries/Transport/Reviews/Public-Transport-Fares/Public-Transport-Fares-in-Sydney-and-Surrounds},
}

@Article{Gladstone-2016-DailyTele-NSW-Govt-rejects-IPART-recos,
  author       = {Nigel Gladstone},
  date         = {2016-05-18},
  title        = {NSW Government rejects IPART recommendations to increase most public transport fares in 2017},
  journal      = {The Daily Telegraph},
  url          = {http://www.dailytelegraph.com.au/newslocal/the-hills/nsw-government-rejects-ipart-recommendations-to-increase-most-public-transport-fares-in-2017/news-story/a79f3b4ef3297c6ee47263adb8013885},
}

@TechReport{PWC-Committee-for-Sydney-centres-of-gravity-for-emp-and-pop,
  author       = {PwC},
  year         = {2017},
  title        = {Big City Analytics: Identifying Sydneyâ€™s economic, employment and population Centres of Gravity},
  institution  = {PricewaterhouseCoopers and Committee for Sydney},
  url          = {http://www.pwc.com.au/consulting/assets/publications/big-city-analytics-apr15.pdf},
}  

@TechReport{Dept-Infrastructure-and-Transport-State-of-Australian-Cities-2012,
  author       = {DIT},
  year         = {2012},
  title        = {State of Australian Cities 2012},
  institution  = {Australian Department of Infrastructure and Transport},
  url          = {https://infrastructure.gov.au/infrastructure/pab/soac/files/2012_00_INFRA1360_MCU_SOAC_FULL_WEB_FA.pdf},
}  

@TechReport{Dept-Infrastructure-and-Transport-State-of-Australian-Cities-2013,
  author       = {DIT},
  year         = {2013},
  title        = {State of Australian Cities 2013},
  institution  = {Australian Department of Infrastructure and Transport},
  url          = {https://infrastructure.gov.au/infrastructure/pab/soac/files/2013_00_infra1782_mcu_soac_full_web_fa.pdf},
}

@TechReport{ABS-2014-PopGrid-2011,
  author       = {ABS},
  title        = {Australia Population Grid, 2011},
  date         = {2014-12-18},
  institution  = {Australian Bureau of Statistics},
  url          = {http://abs.gov.au/AUSSTATS/abs@.nsf/Lookup/1270.0.55.007Main+Features12011?OpenDocument},
  note         = {Cat. 1270.0.55.007},
}

@Article{Saulwick-2015-SMH-Syd-motorists-unwilling-to-pay-for-more-tollroads,
  author       = {Jacob Saulwick},
  date         = {2015-11-11},
  title        = {Sydney motorists unwilling to pay for more toll roads: study},
  journal      = {Sydney Morning Herald},
  url          = {http://www.smh.com.au/nsw/sydney-motorists-unwilling-to-pay-for-more-toll-roads-study-20151110-gkv5b3.html},
}

@Article{Eliasson-etal-2009-Stockholm-congestion-trial,
  author       = {Jonas Eliasson and Lars Hultkrantz and Lena Nerhagen and Lena Nerhagen and Lena Smidfelt Rosqvist},
  title        = {The Stockholm congestion-charging trial 2006: Overview of effects},
  volume       = {43},
  issue        = {3},
  month        = {3},
  year         = {2009},
  pages        = {240--250},
  journal      = {Transportation Research Part A: Policy and Practice},
  url          = {http://www.sciencedirect.com/science/article/pii/S0965856408001572},
  doi          = {10.1016/j.tra.2008.09.007},
}

@Misc{Downes-2016-Metro-trains-pax-ratings,
  author       = {Simon Downes},
  title        = {Metro Trains Passenger Ratings 2016},
  date         = {2016-09-07},
  url          = {https://www.canstarblue.com.au/travel/transport/city-trains/metro-trains-passenger-ratings/},
}

@Article{Urbanist-2015-population-density-is-Sydney-an-outlier,
  author       = {Alan Davies},
  date         = {2015-01-13},
  title        = {Population density: is Sydney an outlier?},
  journal      = {The Urbanist (Crikey)},
  url          = {https://blogs.crikey.com.au/theurbanist/2015/01/13/population-density-is-sydney-an-outlier/},
}

@Article{Henscher-beyond-tolls-new-alternatives,
  author       = {David Hensher},
  date         = {2017-06-12},
  title        = {Beyond tolls: new alternatives for funding our roads},
  journal      = {Infrastructure Magazine},
  url          = {http://infrastructuremagazine.com.au/2017/06/12/beyond-tolls-new-alternatives-for-funding-our-roads/},
}

@TechReport{BITRE-toll-roads-in-Australia,
  author       = {BITRE},
  title        = {Toll Roads in Australia},
  year         = {2016},
  institution  = {Bureau of Infrastructure, Transport and Regional Economics},
  url          = {https://bitre.gov.au/publications/2016/files/is_081.pdf},
  note         = {Information sheet 81},
}

@TechReport{Henscher-how-much-is-too-much-for-tolled-road-users,
  author       = {David A. Hensher and Chinh Ho and Wen Liu},
  year         = {2016},
  title        = {How much is too much for tolled road users: toll saturation and the implications for car commuting value of travel time savings},
  institution  = {Institute for Transport and Logistic Studies Working Papers},
  url          = {http://sydney.edu.au/business/__data/assets/pdf_file/0004/258853/ITLS-WP-16-03.pdf},
  note         = {Working Paper ITLS-WP-16-03},
}

@Article{OSullivan-2017-SMH-New-M4-toll-funnels-more-onto-Parramatta-Rd,
  author       = {Matthew O'Sullivan},
  title        = {New M4 toll funnels more motorists onto Sydney's Parramatta Road},
  journal      = {Sydney Morning Herald},
  date         = {2017-08-15},
  url          = {http://www.smh.com.au/nsw/new-m4-toll-funnels-more-motorists-onto-sydneys-parramatta-road-20170815-gxwaob.html},
}

@Misc{TripleM-2017-Avoiding-M4-tolls,
  author       = {{Triple M Sydney}},
  date         = {2017-08-15},
  url          = {https://www.triplem.com.au/news/sydney/here-are-the-best-ways-to-avoid-the-m4-tolls-that-resumed-today-across-sydneys-west?station=sydney},
  title        = {Here Are The Best Ways To Avoid The M4 Tolls That Resumed Today Across Sydney's West},
}

@Misc{TrNSW-2017-MonthlyTransportPatronage,
  author       = {{Transport for NSW}},
  date         = {2017-08-20},
  title        = {Train Patronage: Monthly Trips by Operator and by Line},
  url          = {https://www.transport.nsw.gov.au/performance-and-analytics/passenger-travel/train-patronage/train-patronage-monthly-figures},
}

@Misc{TrNSW-2017-TrainLoadsByLine,
  author       = {{Transport for NSW}},
  date         = {2017-08-20},
  title        = {Train Loads -- by Line},
  url          = {https://www.transport.nsw.gov.au/performance-and-analytics/passenger-travel/train-patronage/train-loads/train-loads-by-line},
}

@InProceedings{Qld-TMR-2016-Understanding-causes-of-congestion,
  author       = {Kath Johnston},
  date         = {2016-08-24},
  booktitle    = {Engineering Technology Forum 2016},
  title        = {Understanding the causes of congestion},
  address      = {Brisbane Convention \& Exhibition Centre},
  url          = {https://www.tmr.qld.gov.au/-/media/aboutus/Events/ET_Forum2016/presentations/Day2/Understanding-the-Cause-of-Congestion.pdf?la=en},
}

@TechReport{IA-2015-State-of-Australian-Cities-2014-2015,
  author       = {Peter Atkins and Richard Marson and Brendon Brann},
  year         = {2015},
  title        = {State of Australian Cities 2014-2015},
  url          = {https://infrastructure.gov.au/infrastructure/pab/soac/files/2015_SoAC_full_report.pdf},
  institution  = {Department of Infrastructure and Regional Development},
}

@TechReport{City-of-Melbourne-daily-population-estimates,
  author       = {{City of Melbourne}},
  year         = {2017},
  title        = {Daily population estimates and forecasts},
  url          = {http://www.melbourne.vic.gov.au/SiteCollectionDocuments/daily-population-estimates-and-forecasts-report-2017.pdf},
  institution  = {City of Melbourne},
}

@Misc{City-of-Melb-Econ-profile,
  author       = {{City of Melbourne}},
  title        = {City of Melbourne Economic Profile},
  date         = {2017-08-23},
  url          = {http://melbourne.geografia.com.au},
}
  
@TechReport{Facts-and-results-from-the-Stockholm-Trials,
  author       = {Congestion charge secretariat, City of Stockholm},
  year         = {2006},
  title        = {Facts and results from the Stockholm Trials},
  institution  = {City of Stockholm},
}

@Misc{PTV-website,
  author       = {{Public Transport Victoria}},
  title        = {Victoria's Public Transport Network},
  date         = {2016-08-23},
  url          = {https://www.ptv.vic.gov.au/about-ptv/victorias-public-transport-network/},
}

@TechReport{The-evolution-of-car-parking,
  author       = {Colliers},
  year         = {2015},
  title        = {The evolution of car parking â€“ technology creating risk and opportunity},
  url          = {http://www.colliers.com.au/find_research/speciality_reports_and_white_papers/car_parking_white_paper_2015/},
  institution  = {Colliers International},
}
  
@TechReport{WestConnex-business-case-November-2015,
  author       = {RMS},
  year         = {2015},
  title        = {WestConnex â€“ Updated Strategic Business Case November 2015},
  institution  = {NSW Roads and Maritime Services},
}    

@Article{Parking-availability-influences-on-travel-mode,
  author       = {Amruta Pandhe and Alan March},
  title        = {Parking availability influences on travel mode: Melbourne CBD offices},
  journal      = {Australian Planner},
  date         = {2011-08-16},
  url          = {http://www.tandfonline.com/doi/abs/10.1080/07293682.2011.616177},
}

@Misc{VISTA,
  author       = {{Department of Economic Development, Jobs, Transport and Resources}},
  title        = {Victorian Integrated Survey of Travel and Activity (VISTA)},
  year         = {2013},
  url          = {http://economicdevelopment.vic.gov.au/transport/research-and-data/vista}, 
}

@Misc{research-and-statistics/the-city-at-a-glance,
  author       = {{City of Sydney}},
  title        = {Research and Statistics - the city at a glance},
  date         = {2017},
  url          = {http://www.cityofsydney.nsw.gov.au/learn/research-and-statistics/the-city-at-a-glance}, 
}

@Misc{Arnott-Alternatives-to-road-pricing,
  author       = {Richard Arnott},
  title        = {Aleviating Traffic Congestion - alternatives to road pricing},
  year         = {1994},
}

@Misc{Qld-Dept-Main-Roads-2004-Road-planning-and-design-manual,
  author       = {{Qld Department of Main Roads}},
  title        = {Road Planning and Design Manual: Chapter 5 -- Traffic Parameters and Human Factors},
  year         = {2004},
  month        = {8},
  url          = {https://www.tmr.qld.gov.au/-/media/busind/techstdpubs/Road-planning-and-design/Road-planning-and-design-manual/Current-document/RPDM_Chapter5.pdf?la=en},
}

@TechReport{2015-Fare-Benchmarking,
  author       = {Ninesquared},
  year         = {2015},
  title        = {2015 Fare Benchmarking Report},
  institution  = {Ninesquared},
  url          = {http://ninesquared.com.au/wp-content/uploads/2015/10/2015-Fare-Benchmarking-Final-Report.pdf},
}    

@Book{Falcocchio-and-Levinson-congestion-a-concise-guide,
  author       = {John C Falcocchio and Herbert S. Levinson},
  year         = {2015},
  title        = {Road Traffic Congestion: A Concise Guide},
  publisher    = {Springer International Publishing},
}

@TechReport{VicRoads-2015-Supplement-to-Austroads-Guide-to-Traffic-Management,
  author       = {VicRoads},
  year         = {2015},
  title        = {Supplement to Austroads Guide to Traffic Management Part 2: Traffic Theory (2015)},
  institution  = {VicRoads},
  url          = {https://www.vicroads.vic.gov.au/~/media/files/technical-documents-new/traffic-engineering-manual-v1/tem-vol-1-part-22--guide-to-traffic-management-part-2-traffic-theory.pdf},
}   

@Article{Cortright-2017-CityObs-What-hot-lanes-reveal-about-the-value-of-travel-time,
  author       = {Joe Cortright},
  date         = {2017-01-30},
  title        = {What HOT lanes reveal about the value of travel time},
  url          = {http://cityobservatory.org/what-hot-lanes-reveal-about-the-value-of-travel-time/},
  journal      = {City Observatory},
}

@TechReport{Acil-Allen-report-for-Infrastructure-Australia-National-Infrastructure-Audit,
  author       = {{ACIL Allen Consulting}},
  year         = {2014},
  title        = {Nationally Significant Infrastructure},
  institution  = {Infrastructure Australia},
  url          = {http://infrastructureaustralia.gov.au/policy-publications/publications/files/Nationally-Significant-Infrastructure.pdf},
}  

@TechReport{TfNSW-submission-NSW-Legislative-Council-Inquiry-Road-Tolling,
  author       = {{Transport for NSW}},
  date         = {2017-03-07},
  title        = {Inquiry into Road Tolling -- Submission no. 109},
  institution  = {New South Wales Legislative Council},
  url          = {https://www.parliament.nsw.gov.au/committees/inquiries/Pages/inquiry-submission-details.aspx?pk=%2057351},
}   

@TechReport{Ken-Kanofski-NSW-Legislative-Council-Inquiry-Road-Tolling-responses-to-supplementary-questions,
  author       = {Ken Kanofski},
  date         = {2017-05-18},
  title        = {Inquiry into Road Tolling -- Responses to Supplementary Questions},
  institution  = {New South Wales Legislative Council},
  url          = {https://www.parliament.nsw.gov.au/committees/DBAssets/InquiryOther/Transcript/10704/Answers%20to%20supplementary%20questions%20-%20Roads%20and%20Maritime%20Services.pdf},
} 

@Article{Loader-charting-transport-Traffic-volumes-on-Australian-toll-roads,
  author       = {Chris Loader},
  year         = {2016},
  title        = {Traffic volumes on Australian toll roads},
  url          = {https://chartingtransport.com/2012/03/03/traffic-volumes-on-australian-toll-roads/},
  journal      = {Charting Transport},
}

@Book{Davison-2016-City-Dreamers,
  author       = {Graeme Davison},
  title        = {City Dreamers},
  date         = {2016-08-01},
  publisher    = {New South},
  address      = {University of New South Wales, Sydney},
  isbn         = {9781742234694},
}

@TechReport{Auditor-General-CCT,
  author       = {{NSW Auditor General}},
  date         = {2006-05-01},
  title        = {The Cross City Tunnel Project},
  institution  = {New South Wales Audit Office},
  url          = {http://www.audit.nsw.gov.au/ArticleDocuments/138/152_Cross_City_Tunnel.pdf.aspx?Embed=Y},
} 

@TechReport{SAE-International-automated-driving-systems-international-standard,
  author       = {{SAE International}},
  date         = {2006-05-01},
  title        = {Taxonomy and Definitions for Terms Related to Driving Automation Systems for On-Road Motor Vehicles},
  institution  = {SAE International},
  url          = {https://www.sae.org/misc/pdfs/automated_driving.pdf},
} 

@TechReport{Frontier-Economics-challenges-of-traffic-forecasting,
  author       = {Warwick Davis and Anna Wilson},
  year         = {2014},
  title        = {Expecting the unexpected: the challenges of traffic forecasting},
  institution  = {Frontier Economics},
  url          = {http://www.frontier-economics.com.au/documents/2014/08/expecting-unexpected.pdf},
} 

@Misc{Ford-Motor-Company-media-release-automated-vehicle-plan,
  author       = {{Ford Motor Company}},
  title        = {Ford targets fully autonomous vehicle for ride sharing in 2021; invests in new tech companies, doubles silicon valley team},
  date         = {2016-08-16},
  note         = {Media release},
  url          = {https://media.ford.com/content/fordmedia/fna/us/en/news/2016/08/16/ford-targets-fully-autonomous-vehicle-for-ride-sharing-in-2021.html},
}

@Book{King-and-Gans-Finishing-the-Job,
  author       = {Joshua Gans and Stephen King},
  year         = {2004},
  title        = {Finishing the Job: Real-world policy solutions in health, housing, education and transport},
  publisher    = {Melbourne University Press},
}

@Book{2007-Mohring-Harwitz-theorem,
  author       = {Verhoef, E and Small, K },
  year         = {2007},
  title        = {The Economics of Urban Transportation},
  publisher    = {Routledge},
}


@TechReport{Redspotsurvey,
  author       = {RACV},
  year         = {2016},
  title        = {2016 Redspot Survey},
  institution  = {RACV, Leader, 7News},
  url          = {http://www.redspotsurvey.com.au/},
} 

@Article{marchetti1994anthropological,
  title        = {Anthropological invariants in travel behavior},
  author       = {Marchetti, Cesare},
  journal      = {Technological forecasting and social change},
  volume       = {47},
  number       = {1},
  pages        = {75--88},
  year         = {1994},
}

@TechReport{Zahavi-1979-UMOT-Urban-interactions,
  author       = {Zahavi, Yacov},
  title        = {The ``UMOT'' project},
  year         = {1979},
  institution  = {US Department of Transport},
}

@TechReport{Zahavi-1981-UMOT-Urban-interactions,
  author       = {Zahavi, Yacov and Beckmann, Martin J and Golob, Thomas F},
  title        = {The UMOT/urban interactions},
  year         = {1981},
  institution  = {US Department of Transport},
}

@Misc{Demographia,
  author       = {Demographia},
  title        = {Demographia World Urban Areas},
  url          = {http://www.demographia.com/db-worldua.pdf},
  month        = {4},
  year         = {2017},
}

@TechReport{Duranton-Turner-2009-Fundamental-Law-of-Road-Congestion,
  title        = {The Fundamental Law of Road Congestion: Evidence from US cities},
  author       = {Gilles Duranton and Matthew A. Turner},
  institution  = {National Bureau of Economic Research},
  number       = {15376},
  year         = {2009},
  month        = {9},
  doi          = {10.3386/w15376},
  url          = {http://www.nber.org/papers/w15376},
}

@InProceedings{Chavis-etal-2011-Multimodal-transport-Nairobi,
  author       = {Gonzales, Eric and Chavis, Celeste and Li, Yuwei and Daganzo, Carlos F},
  title        = {Multimodal Transport in Nairobi, Kenya: Insights and Recommendations with a Macroscopic Evidence-Based Model},
  date         = {2011-01-27},
  booktitle    = {Transportation Research Board 90th Annual Meeting},
}

@TechReport{Arnott-2001-Microscopic-research-agenda,
  author       = {Richard Arnott},
  title        = {The Economic Theory of Urban Traffic Congestion: A Microscopic Research Agenda},
  year         = {2001},
  month        = {7},
  institution  = {Boston College Department of Economics},
  url          = {https://ideas.repec.org/p/boc/bocoec/502.html},
  number       = {502},
}

@Article{Urbanist-2011-Do-governments-spend-too-much-on-roads,
  author       = {Alan Davies},
  date         = {2011-05-16},
  title        = {Do governments spend too much on roads?},
  journal      = {The Urbanist (Crikey)},
  url          = {https://blogs.crikey.com.au/theurbanist/2011/05/16/do-governments-spend-too-much-on-roads/},
}

@TechReport{ABS-population-Dec-2016,
  author       = {ABS},
  title        = {Australian Demographic Statistics, Dec 2016},
  date         = {2017-06-27},
  institution  = {Australian Bureau of Statistics},
  note         = {Cat. 3101.0},
  url          = {http://www.abs.gov.au/AUSSTATS/abs@.nsf/DetailsPage/3101.0Dec%202016?OpenDocument},
}

@TechReport{ABS-population-March-2017,
  author       = {ABS},
  title        = {Australian Demographic Statistics, March 2017},
  date         = {2017-07-28},
  institution  = {Australian Bureau of Statistics},
  note         = {Cat. 3101.0},
}


@TechReport{ABS-2016-Regional-Population-Growth,
  author       = {ABS},
  title        = {Regional Population Growth, Australia, Dec 2016},
  date         = {2017-09-28},
  institution  = {Australian Bureau of Statistics},
  note         = {Cat. 3218.0},
  url          = {http://www.abs.gov.au/ausstats/abs@.nsf/0/797F86DBD192B8F8CA2568A9001393CD?Opendocument},
}

@TechReport{BITRE-2007-Estimating-urban-traffic-and-congestion-cost-trends,
  author       = {BITRE},
  institution  = {Bureau of Infrastructure, Transport and Regional Economics},
  url          = {https://bitre.gov.au/publications/2007/files/wp_071.pdf},
  date         = {2007-04-01},
  note         = {Working paper no. 71},
  title        = {Estimating urban traffic and congestion cost trends for Australian cities},
  }

@Article{ORourke-2015-NSW-worst-roads,
  author       = {Jim O'Rourke},
  date         = {2015-10-07},
  title        = {NSW worst roads: repeat offender tops the list as motorists vent},
  journal      = {The Daily Telegraph},
  url          = {http://www.dailytelegraph.com.au/news/nsw-worst-roads-repeat-offender-tops-the-list-as-motorists-vent/news-story/d15017720644611ea695fc42ce460970},
}

@TechReport{ATAP-2017-Transport-Evaluation-Guidelines,
  author       = {{Australian Transport Assessment and Planning (ATAP) Steering Committee}},
  title        = {Australian Transport Assessment and Planning Guidelines -- Parameter Values},
  year         = {2017},
  institution  = {Transport and Infrastructure Senior Officials' Committee},
  note         = {Parameter Values -- Road transport -- Travel Time},
  url          = {https://atap.gov.au/parameter-values/road-transport/3-travel-time.aspx},
}

@TechReport{ABS-Census-2016,
  author       = {ABS},
  institution  = {Australian Bureau of Statistics},
  year         = {2016},
  title        = {Census 2016},
}

@Manual{R-Census2016.DataPack,
  title        = {Census2016.DataPack: Provides ABS Datapacks},
  author       = {Hugh Parsonage},
  year         = {2017},
  url          = {https://github.com/hughparsonage/Census2016.Datapack},
  note         = {R package version 0.1.0},
}


@Manual{R-ASGS,
  title        = {ASGS: Lazily Load Australian Statistical Geography Shapefiles},
  author       = {Hugh Parsonage},
  note         = {R package version 0.4.0},
  url          = {https://github.com/hughparsonage/ASGS},
  year         = {2017},
}

@Manual{R-base,
  title        = {R: A Language and Environment for Statistical Computing (base)},
  author       = {{R Core Team}},
  organization = {R Foundation for Statistical Computing},
  address      = {Vienna, Austria},
  year         = {2017},
  url          = {https://www.R-project.org/},
}

@Manual{R-grDevices,
  title        = {R: A Language and Environment for Statistical Computing (grDevices)},
  author       = {{R Core Team}},
  organization = {R Foundation for Statistical Computing},
  address      = {Vienna, Austria},
  year         = {2017},
  url          = {https://www.R-project.org/},
}

@Manual{R-bindrcpp,
  title        = {bindrcpp: An 'Rcpp' Interface to Active Bindings},
  author       = {Kirill MÃ¼ller},
  year         = {2017},
  note         = {R package version 0.2},
  url          = {https://CRAN.R-project.org/package=bindrcpp},
}

@Manual{R-broom,
  title        = {broom: Convert Statistical Analysis Objects into Tidy Data Frames},
  author       = {David Robinson},
  year         = {2017},
  note         = {R package version 0.4.2},
  url          = {https://CRAN.R-project.org/package=broom},
}

@Manual{R-cowplot,
  title        = {cowplot: Streamlined Plot Theme and Plot Annotations for 'ggplot2'},
  author       = {Claus O. Wilke},
  year         = {2016},
  note         = {R package version 0.7.0},
  url          = {https://CRAN.R-project.org/package=cowplot},
}

@Manual{R-data.table,
  title        = {data.table: Extension of `data.frame`},
  author       = {Matt Dowle and Arun Srinivasan},
  year         = {2017},
  note         = {R package version 1.10.5},
  url          = {http://r-datatable.com},
}

@Manual{R-dplyr,
  title        = {dplyr: A Grammar of Data Manipulation},
  author       = {Hadley Wickham and Romain Francois and Lionel Henry and Kirill MÃ¼ller},
  year         = {2017},
  note         = {R package version 0.7.2},
  url          = {https://CRAN.R-project.org/package=dplyr},
}

@Manual{R-dtplyr,
  title        = {dtplyr: Data Table Back-End for 'dplyr'},
  author       = {Hadley Wickham},
  year         = {2017},
  note         = {R package version 0.0.2},
  url          = {https://CRAN.R-project.org/package=dtplyr},
}

@Manual{R-fastmatch,
  title        = {fastmatch: Fast match() function},
  author       = {Simon Urbanek},
  year         = {2017},
  note         = {R package version 1.1-0},
  url          = {https://CRAN.R-project.org/package=fastmatch},
}

@Manual{R-forcats,
  title        = {forcats: Tools for Working with Categorical Variables (Factors)},
  author       = {Hadley Wickham},
  year         = {2017},
  note         = {R package version 0.2.0},
  url          = {https://CRAN.R-project.org/package=forcats},
}

@Manual{R-fst,
  title        = {fst: Lightning Fast Serialization of Data Frames for R},
  author       = {Mark Klik},
  year         = {2017},
  note         = {R package version 0.7.2},
  url          = {https://CRAN.R-project.org/package=fst},
}

@Manual{R-ggjoy,
  title        = {ggjoy: Joyplots in 'ggplot2'},
  author       = {Claus O. Wilke},
  note         = {R package version 0.2.0.9990},
  url          = {https://github.com/clauswilke/ggjoy},
  year         = {2017},
}

@Manual{R-ggplot2,
  title        = {ggplot2: Create Elegant Data Visualisations Using the Grammar of Graphics},
  author       = {Hadley Wickham and Winston Chang},
  note         = {http://ggplot2.tidyverse.org, https://github.com/tidyverse/ggplot2},
  year         = {2017},
}

@Manual{R-ggrepel,
  title        = {ggrepel: Repulsive Text and Label Geoms for 'ggplot2'},
  author       = {Kamil Slowikowski},
  year         = {2016},
  note         = {R package version 0.6.5},
  url          = {https://CRAN.R-project.org/package=ggrepel},
}

@Manual{R-ggthemes,
  title        = {ggthemes: Extra Themes, Scales and Geoms for 'ggplot2'},
  author       = {Jeffrey B. Arnold},
  year         = {2017},
  note         = {R package version 3.4.0},
  url          = {https://CRAN.R-project.org/package=ggthemes},
}

@Manual{R-grattan,
  title        = {grattan: Perform Common Quantitative Tasks for Australian Analysts and to Support Grattan Institute Analysis},
  author       = {Hugh Parsonage and Tim Cameron and Brendan Coates and William Young},
  year         = {2017},
  note         = {R package version 1.5.1.2},
  url          = {https://github.com/HughParsonage/grattan},
}

@Manual{R-grattanCharts,
  title        = {grattanCharts: Create charts in the style of the Grattan Insitute, Melbourne},
  author       = {Hugh Parsonage},
  year         = {2017},
  url          = {https://github.com/hughparsonage/grattanCharts},
  note         = {R package version 0.5.0.0},
}

@Manual{R-grattanRoadCongestion2017,
  title        = {grattanRoadCongestion2017: Data From Google Maps For the Road Congestion Report},
  author       = {Hugh Parsonage},
  note         = {R package version 0.1.1},
  year         = {2017},
}

@Manual{R-gridExtra,
  title        = {gridExtra: Miscellaneous Functions for "Grid" Graphics},
  author       = {Baptiste Auguie},
  year         = {2016},
  note         = {R package version 2.2.1},
  url          = {https://CRAN.R-project.org/package=gridExtra},
}

@Manual{R-hutils,
  title        = {hutils: Miscellaneous R Functions and Aliases},
  author       = {Hugh Parsonage},
  year         = {2017},
  note         = {R package version 0.7.0},
  url          = {https://github.com/hughparsonage/hutils},
}

@Manual{R-knitr,
  title        = {knitr: A General-Purpose Package for Dynamic Report Generation in R},
  author       = {Yihui Xie},
  year         = {2016},
  note         = {R package version 1.15.1},
  url          = {https://CRAN.R-project.org/package=knitr},
}

@Manual{R-leaflet,
  title        = {leaflet: Create Interactive Web Maps with the JavaScript 'Leaflet' Library},
  author       = {Joe Cheng and Bhaskar Karambelkar and Yihui Xie},
  year         = {2017},
  note         = {R package version 1.1.0},
  url          = {https://CRAN.R-project.org/package=leaflet},
}

@Manual{R-lubridate,
  title        = {lubridate: Make Dealing with Dates a Little Easier},
  author       = {Garrett Grolemund and Vitalie Spinu and Hadley Wickham},
  year         = {2016},
  note         = {R package version 1.6.0},
  url          = {https://CRAN.R-project.org/package=lubridate},
}

@Manual{R-magrittr,
  title        = {magrittr: A Forward-Pipe Operator for R},
  author       = {Stefan Milton Bache and Hadley Wickham},
  year         = {2014},
  note         = {R package version 1.5},
  url          = {https://CRAN.R-project.org/package=magrittr},
}

@Manual{R-maptools,
  title        = {maptools: Tools for Reading and Handling Spatial Objects},
  author       = {Roger Bivand and Nicholas Lewin-Koh},
  year         = {2017},
  note         = {R package version 0.9-2},
  url          = {https://CRAN.R-project.org/package=maptools},
}

@Manual{R-readr,
  title        = {readr: Read Rectangular Text Data},
  author       = {Hadley Wickham and Jim Hester and Romain Francois},
  year         = {2017},
  note         = {R package version 1.1.0},
  url          = {https://CRAN.R-project.org/package=readr},
}

@Manual{R-RevoUtilsMath,
  title        = {RevoUtilsMath: Microsoft R Services Math Utilities Package},
  author       = {{Microsoft Corporation}},
  year         = {2016},
  note         = {R package version 10.0.0},
}

@Manual{R-rgdal,
  title        = {rgdal: Bindings for the Geospatial Data Abstraction Library},
  author       = {Roger Bivand and Tim Keitt and Barry Rowlingson},
  year         = {2017},
  note         = {R package version 1.2-7},
  url          = {https://CRAN.R-project.org/package=rgdal},
}

@Manual{R-scales,
  title        = {scales: Scale Functions for Visualization},
  author       = {Hadley Wickham},
  note         = {R package version 0.5.0.9000},
  url          = {https://github.com/hadley/scales},
  year         = {2017},
}

@Manual{R-showtext,
  title        = {showtext: Using Fonts More Easily in R Graphs},
  author       = {Yixuan Qiu and authors/contributors of the included software. See file AUTHORS for details.},
  year         = {2017},
  note         = {R package version 0.4-6},
  url          = {https://CRAN.R-project.org/package=showtext},
}

@Manual{R-sp,
  title        = {sp: Classes and Methods for Spatial Data},
  author       = {Edzer Pebesma and Roger Bivand},
  year         = {2016},
  note         = {R package version 1.2-4},
  url          = {https://CRAN.R-project.org/package=sp},
}

@Manual{R-sysfonts,
  title        = {sysfonts: Loading System Fonts into R},
  author       = {Yixuan Qiu and authors/contributors of the included fonts. See file AUTHORS for details.},
  year         = {2015},
  note         = {R package version 0.5},
  url          = {https://CRAN.R-project.org/package=sysfonts},
}

@Manual{R-testthat,
  title        = {testthat: Unit Testing for R},
  author       = {Hadley Wickham},
  year         = {2016},
  note         = {R package version 1.0.2},
  url          = {https://CRAN.R-project.org/package=testthat},
}
@Manual{R-viridis,
  title        = {viridis: Default Color Maps from 'matplotlib'},
  author       = {Simon Garnier},
  year         = {2017},
  note         = {R package version 0.4.0},
  url          = {https://CRAN.R-project.org/package=viridis},
}
@Manual{R-viridisLite,
  title        = {viridisLite: Default Color Maps from 'matplotlib' (Lite Version)},
  author       = {Simon Garnier},
  year         = {2017},
  note         = {R package version 0.2.0},
  url          = {https://CRAN.R-project.org/package=viridisLite},
}
@Manual{R-xtable,
  title        = {xtable: Export Tables to LaTeX or HTML},
  author       = {David B. Dahl},
  year         = {2016},
  note         = {R package version 1.8-2},
  url          = {https://CRAN.R-project.org/package=xtable},
}
@Manual{R-zoo,
  title        = {zoo: S3 Infrastructure for Regular and Irregular Time Series (Z's Ordered Observations)},
  author       = {Achim Zeileis and Gabor Grothendieck and Jeffrey A. Ryan},
  year         = {2017},
  note         = {R package version 1.8-0},
  url          = {https://CRAN.R-project.org/package=zoo},
}

@Article{tversky1991loss,
  title        = {Loss aversion in riskless choice: A reference-dependent model},
  author       = {Tversky, Amos and Kahneman, Daniel},
  journal      = {The quarterly journal of economics},
  volume       = {106},
  number       = {4},
  pages        = {1039--1061},
  year         = {1991},
}

@Misc{TheEconomist-2017-Road-pricing-has-long-been-a-good-idea,
  author       = {{The Economist}},
  title        = {The price of jam},
  year         = {2017},
  url          = {https://www.economist.com/news/international/21725765-ride-sharing-and-electric-cars-take-governments-are-seeking-new-ways-make},
}

@InProceedings{2016-Toll-charges,
  title        = {Analysis of toll charges for freight vehicles in Melbourne},
  author       = {Loshaka Perera and Russell Thompson and Yuchen Yang},
  booktitle    = {Australasian Transport Research Forum 2016 Proceedings},
  year         = {2016},
  url          = {http://atrf.info/papers/2016/index.aspx},
}

@InBook{2013-Freeway-Ramp-Signals-Handbook, 
  author       = {VicRoads},
  institution  = {Vicroads},
  year         = {2013},
  booktitle    = {Managed Motorways -- Freeway Ramp Signals Handbook},
  title        = {Principles of Freeway Traffic Flow},
  url          = {https://www.vicroads.vic.gov.au/business-and-industry/design-and-management/traffic-signals-and-systems/freeway-ramp-signals},
}

@Misc{NRMA-SchoolHolidays-2013,
  author       = {NRMA},
  title        = {Road access pricing},
  note         = {NSW Legislative Assesmbly's Committee of Transport and Infrastructure Inquiry into Road Access Pricing. Submission No. 13},
  date         = {2013-02-27},
  url          = {https://www.parliament.nsw.gov.au/committees/DBAssets/InquirySubmission/Summary/52831/Sub13%20NRMA.pdf},
}

@TechReport{Bom-Data,
  author       = {BoM},
  year         = {2017},
  title        = {JSON API of weather observations},
  note         = {stations: Avalon Airport, Brisbane, Essendon Airport, Melbourne (Olympic Park), Melbourne Airport, Sydney - Observatory Hill, Sydney Airport, Sydney Olympic Park},
  institution  = {Bureau of Meteorology},
}

@Manual{R-bomrang,
  title        = {bomrang: Fetch Australian Government Bureau of Meteorology Data},
  author       = {Adam Sparks and Hugh Parsonage and Keith Pembleton},
  note         = {R package version 0.0.6},
  url          = {https://github.com/ropensci/bomrang},
  year         = {2017},
}

@Book{1991-Small-Urban-transport-economics,
  editor       = {Lesourne, J and Sonnenschein, H},
  author       = {Small, Kenneth},
  title        = {Fundamentals of pure and applied economics},
  date         = {1991},
  publisher    = {Harwood Academic Publishers},
  volume       = {51},
}

@Article{1962-Downs-peak-hour-congestion,
  title        = {The law of peak hour expressway congestion},
  author       = {Downs, A},
  journal      = {Traffic quarterly},
  volume       = {16},
  pages        = {393-409},
  year         = {1962},
}

@InProceedings{2016-Rasmussen-changing-business-location,
  title        = {Changing business location: Economic geography of the West of Melbourne},
  author       = {Bruce Rasmussen},
  booktitle    = {Melbourne Economic Forum Proceedings},
  year         = {2016},
  url          = {http://www.vises.org.au/documents/2016_%20Rasmussen_MEF_Changing_Business_Location.pdf},
}

@TechReport{2016-Bertaud,
  author       = {Alain Bertaud},
  date         = {2016-04-28},
  title        = {Mobility: Transport is a Real Estate Issue},
  subtitle     = {The design of urban roads and transport systems},
  url          = {http://marroninstitute.nyu.edu/uploads/content/Chapter_5_Mobility_2016_02_22.pdf},
  institution  = {Marron Institute of Urban Management},
}
  
@Book{2009-queue-duckers, 
  author       = {Sam Staley and Adrian Moore},
  year         = {2009},
  title        = {Mobility First: A new vision for transportation in a Globally Twenty-First Century},
  isbn         = {978-0742558793},
  publisher    = {Rowman \& Littlefield Publishers},
}


@Misc{2014-VicRoads,
  author       = {VicRoads},
  date         = {2014-09-01},
  note         = {See Map},      
  title        = {Traffic Monitor Report 2012-13},
}

@Article{Loader-the-journey-to-work-and-the-city-centre-australian-cities,
  author       = {Chris Loader},
  year         = {2016},
  title        = {Journey to Work and the City Centre Australian Cities},
  url          = {https://chartingtransport.com/2013/02/16/the-journey-to-work-and-the-city-centre-australian-cities-2001-2011/},
  journal      = {Charting Transport},
}

@TechReport{2016-Train-Load-Survey-Report,
  author       = {PTV},
  institution  = {Public Transport Victoria},
  year         = {2016},
  title        = {Public Transport Victoria Metropolitan Train Load Standards Survey Report- May 2016},
  url          = {https://www.ptv.vic.gov.au/about-ptv/ptv-data-and-reports/passenger-load-surveys/},
}


@TechReport{2014-BITRE-Urban-public-transport:-updated-trends,
  author       = {BITRE},
  institution  = {Bureau of Infrastructure, Transport and Regional Economics},
  url          = {https://bitre.gov.au/publications/2014/files/is_059.pdf},
  date         = {2014},
  title        = {Urban public transport: updated trends},
  note         = {Fact sheet 59},
}

@Article{2005-Small-estimates-for-travel-time-and-reliability,
  author       = {Kenneth Small and Clifford Winston and Jia Yan},
  year         = {2005},
  title        = {Uncovering the Distribution of Motorists' Preferences for Travel Time and Reliability},
  url          = {http://www.jstor.org/stable/3598825},
  journal      = {Econometrica},
  volume       = {73},
  number       = {4},
}

@TechReport{2017-Brent-and-Gross-value-of-travel-time-and-reliability,
  author       = {Daniel Brent and Austin Gross},
  year         = {2017},
  month        = {6},
  title        = {Dynamic Road pricing and the Value of Time and Reliability},
  url          = {http://faculty.bus.lsu.edu/papers/pap16_07.pdf},
  institution  = {Louisiana State University},
  number       = {2016-07},
}

@Article{Nine-2017-Power-outage-Arncliffe,
  author       = {{Nine News}},
  title        = {Faulty equipment to blame for massive power outage across Sydney},
  date         = {2017-05-26},
  url          = {http://www.9news.com.au/national/2017/05/26/16/39/thousands-without-power-and-up-to-one-hundred-traffic-lights-blacked-out-in-sydneys-west},
  journal      = {Nine Digital},
}


@Article{congestion-stockholm-trial,
  author       = {Lena Winslott-Hiselius and Karin Brundell-Freij and Asa Vagland and Camilla BystrÃ¶m},
  title        = {The development of public attitudes towards the Stockholm congestion trial},
  date         = {2009},
  url          = {http://EconPapers.repec.org/RePEc:eee:transa:v:43:y:2009:i:3:p:269-282},
  journal      = {Transportation Research Part A: Policy and Practice},
  volume       = {43},
  issue        = {3},
}

@Article{HOV-Jakarta,
  author       = {Rema Hanna and Gabriel Kreindler and Benjamin A. Olken},
  title        = {Citywide effects of high-occupancy vehicle restrictions: Evidence from {\textquotedblleft}three-in-one{\textquotedblright} in Jakarta},
  volume       = {357},
  number       = {6346},
  pages        = {89--93},
  year         = {2017},
  doi          = {10.1126/science.aan2747},
  issn         = {0036-8075},
  url          = {http://science.sciencemag.org/content/357/6346/89},
  eprint       = {http://science.sciencemag.org/content/357/6346/89.full.pdf},
  journal      = {Science},
}


@Article{congestion-Mexico-cityl,
  author       = {Karl Mathiesen},
  title        = {Why licence plate bans don't cut smog},
  date         = {2014-03-20},
  url          = {https://www.theguardian.com/cities/2014/mar/20/licence-plate-driving-bans-paris-ineffective-air-pollution},
  journal      = {The Guardian},
}


@Article{Public-acceptance,
  author       = {Chuanli Liu and Zuduo Zheng},
  title        = {Public Acceptance towards Congestion Charge: A Case Study of Brisbane},
  date         = {2013-11-06},
  url          = {http://ac.els-cdn.com/S1877042813024403/1-s2.0-S1877042813024403-main.pdf?_tid=98b338a6-9db7-11e7-94ef-00000aab0f26&acdnat=1505879932_00205b9ef45e8e4b906cb04ceca4143f},
  journal      = {Procedia - Social and Behavioral Sciences},
  volume       = {96},
}

@Article{The-London-Congestion-Charge,
  author       = {Jonathan Leape},
  title        = {The London Congestion Charge},
  date         = {2006},
  url          = {http://pubs.aeaweb.org/doi/pdfplus/10.1257/jep.20.4.157},
  journal      = {Journal of Economic Perspective},
  volume       = {20},
  number       = {4},
}

@TechReport{The-Stokholm-Congestion-Charge,
  author       = {Jonas Eliasson},
  title        = {The Stockholm congestion charges: an overview},
  date         = {2014},
  number       = {7},
  url          = {http://www.transportportal.se/swopec/cts2014-7.pdf},
  institution  = {Centre for Transport Studies Stockholm},
}
 
 
@TechReport{Bhatt-London-Congestion-Charge,
  author       = {Kiran Bhatt and Thomas Higgins and John T. Berg},
  title        = {Lessons learned from international experience in congestion pricing},
  date         = {2008},
  number       = {FHWA-HOP-08-047},
  institution  = {US Federal Highway Administration},
  url          = {https://ops.fhwa.dot.gov/publications/fhwahop08047/Intl_CPLessons.pdf},
}

@Article{ABC-2017-Arncliffe-blackout,
  author = {Dom Vukovic},
  title = {Power restored to tens of thousands of homes across Sydney's west: Ausgrid},
  date = {2017-05-26},
  url = {http://www.abc.net.au/news/2017-05-26/thousands-of-homes-affected-by-blackout-across-sydney-west/8564202},
  journal = {ABC Online},
}


