48d090dd2c65be458f7f0d7f38a058f4