3b889d97a3fb43c68d0b317479767234